@misc{apostolopoulosVideoStreaming,
	author = {Apostolopoulos, John},
	title = {Video streaming: Concepts, algorithms, and systems},
	year = {2002},
	url = {https://www.researchgate.net/publication/228711326}
}

@article{korotkovaMultimediaCommunication,
	author = {Короткова, Е. Н.},
	title = {Мультимедийные средства массовой коммуникации: контент и технологии},
	journal = {Известия Российского педагогического университета им. А. И. Герцена},
	year = {2008},
	pages = {201--204}
}

@article{brameEducationalVideos,
	author = {Brame, Cynthia J.},
	title = {Effective Educational Videos: Principles and Guidelines for Maximizing Student Learning from Video Content},
	journal = {CBE--Life Sciences Education},
	year = {2016}
}

@article{ilyinaVideoMarketing,
	author = {Ильина, Е. Л. and Латкин, А. Н. and Бочарова, Э. А.},
	title = {Видеомаркетинг как перспективное направление контент-маркетинга},
	journal = {Символ науки},
	year = {2017},
	pages = {102--104}
}

@inproceedings{xiaoShortVideoMarketing,
	author = {Xiao, Yani and Wang, Lan and Wang, Ping},
	title = {Research on the Influence of Content Features of Short Video Marketing on Consumer Purchase Intentions},
	booktitle = {Proc. of the 4th Intl. Conf. on Modern Management, Education Technology and Social Science},
	year = {2019}
}

@article{muftiCloudReview,
	author = {Mufti, T. and Mittal, P. and Gupta, B.},
	title = {A Review on Amazon Web Service (AWS), Microsoft Azure \& Google Cloud Platform (GCP) Services},
	year = {2020},
	url = {https://eudl.eu/pdf/10.4108/eai.27-2-2020.2303255}
}

@article{migratovYandexCloud,
	author = {Мигратов, Р.},
	title = {ОБЛАЧНАЯ ПЛАТФОРМА ЯНДЕКСА И МЕТОД «КУЧЕВЫХ ОБЛАКОВ»},
	journal = {Студенческий вестник},
	year = {2019},
	number = {43(93)},
	volume = {5},
	pages = {46--49}
}

@misc{yandexDocs,
	author = {{Яндекс.Облако}},
	title = {Документация},
	year = {2024},
	url = {https://yandex.cloud/ru/docs}
}

@misc{rfcRtp,
	title = {RTP: A Transport Protocol for Real-Time Applications},
	howpublished = {RFC 3550},
	year = {2003},
	url = {https://www.rfc-editor.org/rfc/rfc3550}
}

@misc{mpegDashSite,
	title = {MPEG-DASH Standard},
	year = {2024},
	url = {https://www.mpeg.org/standards/MPEG-DASH}
}

@article{sodagarMpegDash,
	author = {Sodagar, Iraj},
	title = {The MPEG-DASH Standard for Multimedia Streaming Over the Internet},
	journal = {IEEE MultiMedia},
	year = {2011},
	pages = {62--67}
}

@misc{rfcHls,
	title = {HTTP Live Streaming},
	howpublished = {RFC 8216},
	year = {2017},
	url = {https://www.rfc-editor.org/rfc/rfc8216}
}

@misc{fecheyrHlsReview,
	author = {Fecheyr-Lippens, A.},
	title = {A Review of HTTP Live Streaming},
	year = {2012},
	url = {https://citeseerx.ist.psu.edu/document?repid=rep1&type=pdf&doi=57d33cda30c2d497b694470aaa8b502613851fa5}
}

@inproceedings{bouzakariaLowLatencyDash,
	author = {Bouzakaria, N. and Concolato, C. and Le Feuvre, Jean},
	title = {Overhead and performance of low latency live streaming using MPEG-DASH},
	booktitle = {IEEE Conference},
	year = {2014}
}

@book{richardsonVideoCodec,
	author = {Richardson, E.},
	title = {Video Codec Design: Developing Image and Video Compression Systems},
	publisher = {John Wiley \& Sons},
	address = {Aberdeen, UK},
	year = {2004}
}

@article{wiegandH264Overview,
	author = {Wiegand, T. and Sullivan, Gary J. and Bjontegaard, G. and Luthra, A.},
	title = {Overview of the H.264 / AVC Video Coding Standard},
	journal = {IEEE Transactions on Circuits and Systems for Video Technology},
	year = {2003},
	pages = {560--576}
}

@article{groisCodecComparison,
	author = {Grois, D. and Marpe, D. and Mulayoff, A. and Itzhaky, B. and Hadar, O.},
	title = {Performance comparison of H.265/MPEG-HEVC, VP9, and H.264/MPEG-AVC encoders},
	journal = {IEEE},
	year = {2014}
}

@inproceedings{bankoskiVp8Overview,
	author = {Bankoski, J. and Wilkins, P. and Xu, Y.},
	title = {Technical overview of VP8, an open source video codec for the web},
	booktitle = {IEEE International Conference on Multimedia and Expo},
	year = {2011}
}

@inproceedings{sharrabVp8VsH264,
	author = {Sharrab, Y. O. and Sarhan, N. J.},
	title = {Detailed Comparative Analysis of VP8 and H.264},
	booktitle = {IEEE International Symposium on Multimedia},
	year = {2012}
}

@misc{rfcHttp10,
	title = {Hypertext Transfer Protocol -- HTTP/1.0},
	howpublished = {RFC 1945},
	year = {1996},
	url = {https://www.rfc-editor.org/rfc/rfc1945}
}

@book{gourleyHttpGuide,
	author = {Gourley, D. and Totty, B. and Sayer, M. and Reddy, S. and Aggarwal, A.},
	title = {HTTP: The Definitive Guide},
	publisher = {O'Reilly Media},
	year = {2002},
	address = {Sebastopol, CA}
}

@inproceedings{matisaSecureTftp,
	author = {Mat Isa, M. A. and Mohamed, N. N. and Hashim, H. and Adnan, S. F. S. and Manan, J. A. and Mahmod, R.},
	title = {A lightweight and secure TFTP protocol for smart environment},
	booktitle = {International Symposium on Computer Applications and Industrial Electronics (ISCAIE)},
	year = {2012}
}

@misc{rfcFtp,
	title = {File Transfer Protocol (FTP)},
	howpublished = {RFC 959},
	year = {1985},
	url = {https://www.rfc-editor.org/rfc/rfc959}
}
